
@article{1971_Coffman,
  author = {E.~G.~Coffman and M.~Elphick and A.~Shoshani},
  title = {System Deadlocks},
  year = {1971},
  publisher = {Association for Computing Machinery},
  volume = {3},
  number = {2},
  url = {https://doi.org/10.1145/356586.356588},
  doi = {10.1145/356586.356588},
  abstract = {A problem of increasing importance in the design of large multiprogramming systems is the, so-called, deadlock or deadly-embrace problem. In this article we survey the work that has been done on the treatment of deadlocks from both the theoretical and practical points of view.},
  journal = {ACM Comput. Surv.},
  pages = {67â€“-78},
  numpages = {12}
}
